<record><leader>00000cas a22000007a 4500</leader><controlfield tag="001">24057422</controlfield><controlfield tag="008">910711d18561857mauwr ne      0    0eng d</controlfield><datafield ind1=" " ind2=" " tag="010"><subfield code="a">sn 91058091 </subfield></datafield><datafield ind1=" " ind2=" " tag="040"><subfield code="a">MGN</subfield><subfield code="b">eng</subfield><subfield code="c">MGN</subfield><subfield code="d">OCLCQ</subfield></datafield><datafield ind1=" " ind2=" " tag="042"><subfield code="a">msc</subfield></datafield><datafield ind1="0" ind2="4" tag="245"><subfield code="a">The Boston port-folio.</subfield></datafield><datafield ind1="3" ind2="0" tag="246"><subfield code="a">Boston portfolio</subfield></datafield><datafield ind1=" " ind2=" " tag="260"><subfield code="a">Boston, Mass. :</subfield><subfield code="b">John S. Sleeper &amp; Co.</subfield></datafield><datafield ind1=" " ind2=" " tag="300"><subfield code="a">v.</subfield></datafield><datafield ind1=" " ind2=" " tag="310"><subfield code="a">Weekly</subfield></datafield><datafield ind1="1" ind2=" " tag="362"><subfield code="a">Began in 1856; ceased in 1857?</subfield></datafield><datafield ind1=" " ind2=" " tag="588"><subfield code="a">Description based on: Vol. 2, no. 3 (Nov. 15, 1856).</subfield></datafield><datafield ind1=" " ind2=" " tag="752"><subfield code="a">United States</subfield><subfield code="b">Massachusetts</subfield><subfield code="c">Suffolk</subfield><subfield code="d">Boston.</subfield></datafield><datafield ind1="0" ind2="0" tag="780"><subfield code="t">Portfolio (Boston, Mass.)</subfield><subfield code="w">(DLC)sn 85042589</subfield></datafield><datafield ind1="0" ind2="7" tag="785"><subfield code="t">Olive branch (Boston, Mass. : 1836)</subfield><subfield code="w">(DLC)sn 84023639</subfield></datafield><datafield ind1="0" ind2="7" tag="785"><subfield code="t">Boston olive branch</subfield><subfield code="w">(DLC)sn 84023638</subfield></datafield></record>